<?xml version="1.0"?>
<marc:collection xmlns:marc="http://www.loc.gov/MARC21/slim" xmlns:xsi="http://www.w3.org/2001/XMLSchema-instance" xsi:schemaLocation="http://www.loc.gov/MARC21/slim http://www.loc.gov/standards/marcxml/schema/MARC21slim.xsd">
   <marc:record type="Bibliographic">
      <marc:leader>02033cam a2200445 a 4500</marc:leader>
      <marc:controlfield tag="001">785770</marc:controlfield>
      <marc:controlfield tag="003">NjP</marc:controlfield>
      <marc:controlfield tag="005">20121213161708.0</marc:controlfield>
      <marc:controlfield tag="008">930204s1978    ir       b    000 0 araod</marc:controlfield>
      <marc:datafield tag="024" ind1="7" ind2=" ">
         <marc:subfield code="a">princeton_aco000016</marc:subfield>
         <marc:subfield code="2">local</marc:subfield>
      </marc:datafield>
      <marc:datafield tag="035" ind1=" " ind2=" ">
         <marc:subfield code="a">(OCoLC)ocn176728896</marc:subfield>
      </marc:datafield>
      <marc:datafield tag="035" ind1=" " ind2=" ">
         <marc:subfield code="a">(OCoLC)7873277</marc:subfield>
      </marc:datafield>
      <marc:datafield tag="035" ind1=" " ind2=" ">
         <marc:subfield code="a">785770</marc:subfield>
      </marc:datafield>
      <marc:datafield tag="040" ind1=" " ind2=" ">
         <marc:subfield code="a">PU</marc:subfield>
         <marc:subfield code="c">PUL</marc:subfield>
         <marc:subfield code="d">PUL</marc:subfield>
      </marc:datafield>
      <marc:datafield tag="035" ind1=" " ind2=" ">
         <marc:subfield code="a">(OCoLC)176728896</marc:subfield>
      </marc:datafield>
      <marc:datafield tag="035" ind1=" " ind2=" ">
         <marc:subfield code="a">(CStRLIN)NJPG93-B6843</marc:subfield>
      </marc:datafield>
      <marc:datafield tag="035" ind1=" " ind2=" ">
         <marc:subfield code="9">ADT0189TS</marc:subfield>
      </marc:datafield>
      <marc:datafield tag="035" ind1=" " ind2=" ">
         <marc:subfield code="z">785770</marc:subfield>
      </marc:datafield>
      <marc:datafield tag="035" ind1=" " ind2=" ">
         <marc:subfield code="a">(NjP)785770</marc:subfield>
      </marc:datafield>
      <marc:datafield tag="043" ind1=" " ind2=" ">
         <marc:subfield code="a">ma-----</marc:subfield>
      </marc:datafield>
      <marc:datafield tag="079" ind1=" " ind2=" ">
         <marc:subfield code="a">ocm07873277</marc:subfield>
         <marc:subfield code="z">ocm19013663</marc:subfield>
         <marc:subfield code="z">ocm23099335</marc:subfield>
         <marc:subfield code="z">ocm27443928</marc:subfield>
         <marc:subfield code="z">ocm34094626</marc:subfield>
         <marc:subfield code="z">ocm41967370</marc:subfield>
      </marc:datafield>
      <marc:datafield tag="049" ind1=" " ind2=" ">
         <marc:subfield code="a">PULL</marc:subfield>
      </marc:datafield>
      <marc:datafield tag="100" ind1="1" ind2=" ">
         <marc:subfield code="6">880-01</marc:subfield>
         <marc:subfield code="a">Munajjid, S&#x323;ala&#x304;h&#x323; al-Di&#x304;n.</marc:subfield>
      </marc:datafield>
      <marc:datafield tag="245" ind1="1" ind2="3">
         <marc:subfield code="6">880-02</marc:subfield>
         <marc:subfield code="a">al-Mufas&#x323;s&#x323;al fi&#x304; al-alfa&#x304;z&#x323; al-Fa&#x304;risi&#x304;yah al-mu&#x2BB;arrabah :</marc:subfield>
         <marc:subfield code="b">fi&#x304; al-shi&#x2BB;r al-ja&#x304;hili&#x304;, wa-al-Qur&#x2BC;a&#x304;n al-kari&#x304;m, wa-al-h&#x323;adi&#x304;th al-Nabawi&#x304; wa-al-shi&#x2BB;r al-Umawi&#x304; /</marc:subfield>
         <marc:subfield code="c">wad&#x323;a&#x2BB;ahu wa-ayyadahu bi-shawa&#x304;hidihi al-&#x2BB;Arabi&#x304;yah S&#x323;ala&#x304;h&#x323; al-Di&#x304;n al-Munajjid.</marc:subfield>
      </marc:datafield>
      <marc:datafield tag="250" ind1=" " ind2=" ">
         <marc:subfield code="6">880-03</marc:subfield>
         <marc:subfield code="a">al-T&#x323;ab&#x2BB;ah 1.</marc:subfield>
      </marc:datafield>
      <marc:datafield tag="260" ind1=" " ind2=" ">
         <marc:subfield code="6">880-04</marc:subfield>
         <marc:subfield code="a">[Tehran] :</marc:subfield>
         <marc:subfield code="b">Bunya&#x304;d-i Farhang-i I&#x304;ra&#x304;n,</marc:subfield>
         <marc:subfield code="c">1978.</marc:subfield>
      </marc:datafield>
      <marc:datafield tag="300" ind1=" " ind2=" ">
         <marc:subfield code="a">286 p. ;</marc:subfield>
         <marc:subfield code="c">25 cm.</marc:subfield>
      </marc:datafield>
      <marc:datafield tag="440" ind1=" " ind2="0">
         <marc:subfield code="6">880-05</marc:subfield>
         <marc:subfield code="a">Zaba&#x304;n&#x2B9;shina&#x304;si&#x304;-i I&#x304;ra&#x304;ni&#x304; ;</marc:subfield>
         <marc:subfield code="v">10</marc:subfield>
      </marc:datafield>
      <marc:datafield tag="500" ind1=" " ind2=" ">
         <marc:subfield code="a">"206."</marc:subfield>
      </marc:datafield>
      <marc:datafield tag="504" ind1=" " ind2=" ">
         <marc:subfield code="a">Includes bibliographical references.</marc:subfield>
      </marc:datafield>
      <marc:datafield tag="650" ind1=" " ind2="0">
         <marc:subfield code="a">Arabic language</marc:subfield>
         <marc:subfield code="x">Foreign elements</marc:subfield>
         <marc:subfield code="x">Persian.</marc:subfield>
      </marc:datafield>
      <marc:datafield tag="650" ind1=" " ind2="0">
         <marc:subfield code="a">Arabic literature</marc:subfield>
         <marc:subfield code="x">History and criticism.</marc:subfield>
      </marc:datafield>
      <marc:datafield tag="880" ind1="1" ind2=" ">
         <marc:subfield code="6">100-01/r</marc:subfield>
         <marc:subfield code="a">&#x645;&#x646;&#x62C;&#x62F;&#x60C; &#x635;&#x644;&#x627;&#x62D; &#x627;&#x644;&#x62F;&#x64A;&#x646;.</marc:subfield>
      </marc:datafield>
      <marc:datafield tag="880" ind1="1" ind2="2">
         <marc:subfield code="6">245-02/r</marc:subfield>
         <marc:subfield code="a">&#x627;&#x644;&#x645;&#x641;&#x635;&#x644; &#x641;&#x64A; &#x627;&#x644;&#x627;&#x644;&#x641;&#x627;&#x638; &#x627;&#x644;&#x641;&#x627;&#x631;&#x633;&#x64A;&#x629; &#x627;&#x644;&#x645;&#x639;&#x631;&#x628;&#x629; :</marc:subfield>
         <marc:subfield code="b">&#x641;&#x64A; &#x627;&#x644;&#x634;&#x639;&#x631; &#x627;&#x644;&#x62C;&#x627;&#x647;&#x644;&#x64A;&#x60C; &#x648;&#x627;&#x644;&#x642;&#x631;&#x622;&#x646; &#x627;&#x644;&#x643;&#x631;&#x64A;&#x645;&#x60C; &#x648;&#x627;&#x644;&#x62D;&#x62F;&#x64A;&#x62B; &#x627;&#x644;&#x646;&#x628;&#x648;&#x64A; &#x648;&#x627;&#x644;&#x634;&#x639;&#x631; &#x627;&#x644;&#x627;&#x645;&#x648;&#x64A; /</marc:subfield>
         <marc:subfield code="c">&#x648;&#x636;&#x639;&#x647; &#x648;&#x627;&#x64A;&#x62F;&#x647; &#x628;&#x634;&#x648;&#x627;&#x647;&#x62F;&#x647; &#x627;&#x644;&#x639;&#x631;&#x628;&#x64A;&#x629; &#x635;&#x644;&#x627;&#x62D; &#x627;&#x644;&#x62F;&#x64A;&#x646; &#x627;&#x644;&#x645;&#x646;&#x62C;&#x62F;.</marc:subfield>
      </marc:datafield>
      <marc:datafield tag="880" ind1=" " ind2=" ">
         <marc:subfield code="6">250-03/r</marc:subfield>
         <marc:subfield code="a">&#x627;&#x644;&#x637;&#x628;&#x639;&#x629; 1.</marc:subfield>
      </marc:datafield>
      <marc:datafield tag="880" ind1=" " ind2=" ">
         <marc:subfield code="6">260-04/r</marc:subfield>
         <marc:subfield code="a">[&#x637;&#x647;&#x631;&#x627;&#x646;] :</marc:subfield>
         <marc:subfield code="b">&#x628;&#x646;&#x64A;&#x627;&#x62F;&#x627; &#x641;&#x631;&#x647;&#x646;&#x6AF;&#x627; &#x627;&#x64A;&#x631;&#x627;&#x646;&#x60C;</marc:subfield>
         <marc:subfield code="c">1978.</marc:subfield>
      </marc:datafield>
      <marc:datafield tag="880" ind1=" " ind2="0">
         <marc:subfield code="6">440-05/r</marc:subfield>
         <marc:subfield code="a">&#x632;&#x628;&#x627;&#x646;&#x634;&#x646;&#x627;&#x633;&#x64A;&#x627; &#x627;&#x64A;&#x631;&#x627;&#x646;&#x64A; &#x61B;</marc:subfield>
         <marc:subfield code="v">10</marc:subfield>
      </marc:datafield>
      <marc:datafield tag="911" ind1=" " ind2=" ">
         <marc:subfield code="a">19930311</marc:subfield>
      </marc:datafield>
      <marc:datafield tag="912" ind1=" " ind2=" ">
         <marc:subfield code="a">19930204000000.0</marc:subfield>
      </marc:datafield>
      <marc:datafield tag="998" ind1=" " ind2=" ">
         <marc:subfield code="a">02/04/93</marc:subfield>
         <marc:subfield code="s">9114</marc:subfield>
         <marc:subfield code="n">NjP</marc:subfield>
         <marc:subfield code="w">PAUG90B8860</marc:subfield>
         <marc:subfield code="d">02/04/93</marc:subfield>
         <marc:subfield code="c">JEB</marc:subfield>
         <marc:subfield code="b">JEB</marc:subfield>
         <marc:subfield code="i">930204</marc:subfield>
         <marc:subfield code="l">NJPG</marc:subfield>
      </marc:datafield>
      <marc:datafield tag="994" ind1=" " ind2=" ">
         <marc:subfield code="a">C0</marc:subfield>
         <marc:subfield code="b">PUL</marc:subfield>
      </marc:datafield>
      <marc:datafield tag="999" ind1=" " ind2=" ">
         <marc:subfield code="a">785770</marc:subfield>
      </marc:datafield>
   </marc:record>
</marc:collection>
